%============ Bibliography Syntaxe ============%
%      Just follow examples written below      %
%==============================================%

@electronic{webArticle1,
  author        = "Michael Shell",
  title         = "{IEEE}tran Homepage",
  url           = "http://www.michaelshell.org/tex/ieeetran/",
  year          = "Jan. 2007",
  note          = "[Accès le 5-Février-2016]"
}

%% You must use a backslash before special characters such as underscores, etc. in URLs
@electronic{webArticle2,
  author        = "NOM Auteur",
  organization  = "Organisme",
  title         = "titre de l'article",
  url           = "http://www.exemple-lien.org/article/?id\_art=124",
  year          = "Jan. 2015",
  note          = "[Accès le 19-Janvier-2016]"
}